%*******************************************
% This is for camera-ready
% but we still want to save some space.
%*******************************************

%%%%%%%%%% os/arch %%%%%%%%%%%
@STRING{WWW="Proc. Int. Conf. World Wide Web (WWW)"}
@STRING{EUROSYS="Proc. The European Conf. Computer Systems (EuroSys)"}
@string{SOSP = "Proc. ACM Symp. Operating Systems Principles (SOSP)"}
@STRING{OSDI = "Proc. USENIX Conf. Operating Systems Design and Implementation (OSDI)"}
@STRING{ISCA="Proc. Int. Symp. Computer Architecture (ISCA)"}
@STRING{ASPLOS = "Proc. ACM Int. Conf. Architectural Support for Programming Languages \& Operating Systems (ASPLOS)"}
@string{HOTOS = "Proc. Workshp. Hot Topics in Operating Systems (HotOS)"}
@string{HOTPOWER="Proc. Workshp. Power-Aware Computing and Systems (HotPower)"}
@STRING{MASCOTS="Proc. IEEE Int. Symp. Modeling, Analysis, and Simulation of Computer and Telecommunications Systems(MASCOTS)"}
@STRING{DSN="IEEE/IFIP Int. Conf. Dependable Systems and Networks (DSN)"}

%%%%%%%%%% mobile %%%%%%%%%%%
@string{UBICOMP="Proc. Int. Conf. Ubiquitous Computing (UbiComp)"}
@STRING{WCNC = "Proc. IEEE Wireless Communications and Networking Conference (WCNC)"}
@STRING{WICON = "Proc. International Wireless Internet Conference (WICON)"}
@STRING{WINMEE = "Proc. International workshop on Wireless Network Measurements (WinMee)"}
@STRING{SENSYS = "XXXXXXXXXXX TODO XXXXXXXXXXXXXXX"}
@string{MOBICOM= "Proc. Ann. Int. Conf. Mobile Computing \& Networking (MobiCom)"}
@string{MOBISYS="Proc. USENIX/ACM Int. Conf. Mobile Systems, Applications, \& Services (MobiSys)"}
@STRING{MOBIEVAL = "XXXXXXXXXXX TODO XXXXXXXXXXXXXXX"}
@STRING{MOBIHOC = "XXXXXXXXXXX TODO XXXXXXXXXXXXXXX"}
@STRING{MOBILEHCI="Proc. ACM Int. Conf. Human Computer Interaction with Mobile Devices \& Services (MobileHCI)"}
@STRING{BSN="Proc. IEEE Int. Workshp. Wearable and Implantable Body Sensor Networks (BSN)"}
@STRING{HOTMOBILE="Proc. ACM Workshp. Mobile Computing Systems \& Applications (HotMobile)"}
@STRING{PERCOM="Proc. IEEE Conf. Pervasive Computing \& Communications (PerCom)"}

%%%%%%%%%% networking %%%%%%%%%%%
@STRING{NSDI = "Proc. USENIX Symp. Networked Systems Design and Implementation (NSDI)"}
@STRING{SIGCOMM = "XXXXXXXXXXX TODO XXXXXXXXXXXXXXX"}
@STRING{GLOBECOM = "XXXXXXXXXXX TODO XXXXXXXXXXXXXXX"}
@STRING{HOTNETS = "XXXXXXXXXXX TODO XXXXXXXXXXXXXXX"}
@STRING{INFOCOM = "XXXXXXXXXXX TODO XXXXXXXXXXXXXXX"}

%%%%%%%%%% parallel/dist %%%%%%%%%%%
@STRING{SC="Proc. ACM/IEEE Int. Conf. High Performance Computing, Networking, Storage and Analysis (SC)"}
@STRING{HOTPAR="Proc. USENIX Conf. Hot Topics in Parallelism (HotPar)"}
@STRING{IPDPS="Proc. Int. Conf. Parallel and distributed processing (IPDPS)"}
@STRING{PACT="Proc. Int. Conf. Parallel Architectures and Compilation Techniques (PACT)"}
@STRING{ICDCS = "Proc. IEEE International Conference on Distributed Computing Systems (ICDCS)"}

%%%%%%%%%% hw %%%%%%%%%%%
@STRING{ISSCC="Proc. IEEE Int. Solid-State Circuits Conf. (ISSCC)"}
@STRING{ISLPED="Proc. ACM/IEEE Int. Symp. Low Power Electronics \& Design (ISLPED)"}
@STRING{ISCAS="Proc. IEEE International Symposium on Circuits and Systems (ISCAS)"}
@STRING{DAC="Proc. ACM Design Automation Conference (DAC)"}
@string{DATE = "Proc. ACM/IEEE Design Automation \& Test in Europe Conf. (DATE)"}

%%%%%%%%%% security %%%%%%%%%%%
@STRING{WISE="Proc. ACM Workshop on Wireless Security (WiSe)"}
@STRING{WISEC="Proc. ACM Wireless Network Security Conference (WiSec)"}
@string{SP="Proc. IEEE Symp. Security and Privacy (SP)"}

%%%%%%%%%% CHI %%%%%%%%%%%
@string{UIST= "Proc. Ann. ACM Symp. User Interface Software \& Technology (UIST)"}
@string{ACMCHI = "Proc. SIGCHI Conf. Human Factors in Computing Systems (CHI)"}

%%%%%%%%%% measurement %%%%%%%%%%%
@STRING{SIGMETRICS = "XXXXXXXXXXX TODO XXXXXXXXXXXXXXX"}
@STRING{IMC = "Proc. ACM Internet Measurement Conference (IMC)"}

%%%%%%%%%% others %%%%%%%%%%%
@STRING{ALLERTON="Proc. Annual Allerton Conference On Communication, Control and Computing"}
@STRING{ASILOMAR = "Proc. IEEE Asilomar Conf. on Signals, Systems and Computers (ACSSC)"}
@STRING{CASES="Proc. Int. Conf. Compilers, Architecture \& Synthesis for Embedded Systems (CASES)"}
@STRING{CISS="Proc. Annual Conference on Information Sciences and Systems (CISS)"}
@STRING{CDC = "Proc. Control and Decision Conference (CDC)"}
@STRING{DYSPAN = "XXXXXXXXXXX TODO XXXXXXXXXXXXXXX"}
@STRING{ISCC="Proc. International Symposium on Computer Communications (ISCC)"}
@STRING{ISSPA="XXXXXXXXXXX TODO XXXXXXXXXXXXXXX"}
@string{ISWC = "Proc. IEEE Int. Symp. Wearable Computers"}
@STRING{IWQOS="Proc. IEEE International Workshop on Quality of Service (IWQoS)"}
@STRING{MILCOM = "XXXXXXXXXXX TODO XXXXXXXXXXXXXXX"}
@STRING{MOMUC = "Proc. International Workshop on Mobile Multimedia Communications (MoMuC)"}
@string{MULTIMEDIA = "Proc. Ann. ACM Int. Conf. Multimedia"}
@STRING{PIMRC = "Proc. IEEE Personal, Indoor, and Mobile Radio Communications Conference (PIMRC)"}
@STRING{RAWCON = "XXXXXXXXXXX TODO XXXXXXXXXXXXXXX"}
@STRING{SECON = "XXXXXXXXXXX TODO XXXXXXXXXXXXXXX"}
@STRING{VTC = "Proc. IEEE Vehicular Technology Conference (VTC)"}
@string{isit="IEEE International Symposium on Information Theory"}
@string{ICCAD = "Proc. IEEE/ACM Int. Conf. Computer-Aided Design"}
@string{ICCD = "Proc. IEEE Int. Conf. Computer Design"}
@string{ISSS = "Proc. Int. Symp. System Synthesis"}
@string{VLSI = "Proc. Int. Conf. VLSI Design"}

%***********************************
% ABBREVIATIONS FOR JOURNAL PAPERS *
%***********************************
@STRING{JSAC="IEEE Journal on Selected Areas in Communications"}
@STRING{BALTZER="ACM Baltzer Journal of Wireless Networks"}
@STRING{TIT = "IEEE Trans. on Information Theory"}
@STRING{TON="IEEE Trans. on Networking"}
@STRING{TCOMM="IEEE Trans. on Communications"}
@STRING{TWC="IEEE Trans. on Wireless Communications"}
@STRING{TCOMP="IEEE Trans. on Computers"}
@STRING{TMC="IEEE Transactions on Mobile Computing"}
@STRING{SIAMCOMP="SIAM Journal of Computing"}
@STRING{EURASIP="EURASIP Journal on Applied Signal Processing"}
@STRING{TSIG="IEEE Trans. on Signal Processing"}
@string{ACMTCHI = "ACM Trans. Computer-Human Interaction"}
@string{ACMTCAD = "ACM Trans. Design Automation Electronic Systems"}

@string{jsac="IEEE Journal of Selected Areas in Communications"}
@string{ton="IEEE/ACM Transactions on Networking"}
@string{toc="IEEE Transactions on Communications"}
@string{cacm="Communications of the {ACM}"}
@string{tocs="ACM Transactions on Computer Systems"}
@string{inm="IEEE Network Magazine"}
@string{itm="IEEE Transactions on Multimedia"}
@string{ccr="ACM Computer Communication Review"}
@string{tose="ACM Transactions on Software Engineering"}
@string{toit="ACM Transactions on Information Theory"}
@string{lncs="Lecture Notes in Computer Science"}
@string{TCAD="IEEE Trans. Computer-Aided Design"}
@string{TVLSI="IEEE Trans. VLSI Systems"}


