%*******************************************
% This is for submission, when short references 
% are desired to save space.
% TODO: convert all to abbr, e.g.
% @STRING{SENSYS = "Proc. ACM SenSys"}
% TODO: format according to abr-long.bib
%*******************************************

@string{jsac="IEEE Journal of Selected Areas in Communications"}
@string{ton="IEEE/ACM Transactions on Networking"}
@string{toc="IEEE Transactions on Communications"}
@string{cacm="Communications of the {ACM}"}
@string{tocs="ACM Transactions on Computer Systems"}
@string{inm="IEEE Network Magazine"}
@string{itm="IEEE Transactions on Multimedia"}
@string{ccr="ACM Computer Communication Review"}
@string{tose="ACM Transactions on Software Engineering"}
@string{toit="ACM Transactions on Information Theory"}
@string{lncs="Lecture Notes in Computer Science"}


@string{ACMCHI = "Proc. Conf. Human Factors in Computing Systems"}
@string{ACMTCHI = "ACM Trans. Computer-Human Interaction"}
@string{ACMTCAD = "ACM Trans. Design Automation Electronic Systems"}
@string{DATE = "Proc. ACM/IEEE Design Automation \& Test in Europe Conf."}
@string{ICCAD = "Proc. IEEE/ACM Int. Conf. Computer-Aided Design"}
@string{ICCD = "Proc. IEEE Int. Conf. Computer Design"}
@string{ISLPED = "Proc. Int. Symp. Low Power Electronics \& Design"}
@string{ISSS = "Proc. Int. Symp. System Synthesis"}
@string{TCAD="IEEE Trans. Computer-Aided Design"}
@string{TVLSI="IEEE Trans. VLSI Systems"}
@string{VLSI = "Proc. Int. Conf. VLSI Design"}


@string{jsac="IEEE Journal of Selected Areas in Communications"}
@string{isit="IEEE International Symposium on Information Theory"}
@string{itit="IEEE Transactions on Information Theory"}


%*******************************************
% ABBREVIATIONS FOR CONFERENCE PROCEEDINGS *
%*******************************************
@STRING{ALLERTON="Proc. Annual Allerton Conference On Communication, Control and Computing"}
@STRING{ASILOMAR = "Proc. IEEE Asilomar Conf. on Signals, Systems and Computers (ACSSC)"}
@STRING{ASPLOS = "Proc. ACM ASPLOS"}

@STRING{BSN="Proc. IEEE Int. Workshp. Wearable and Implantable Body Sensor Networks (BSN)"}

@STRING{CASES="Proc. Int. Conf. Compilers, Architecture \& Synthesis for Embedded Systems (CASES)"}
@STRING{CISS="Proc. Annual Conference on Information Sciences and Systems (CISS)"}

@STRING{CDC = "Proc. Control and Decision Conference (CDC)"}

@STRING{DYSPAN = "Proc. IEEE DySPAN"}
@STRING{DAC="Proc. ACM Design Automation Conference (DAC)"}
@STRING{DSN="IEEE/IFIP Int. Conf. Dependable Systems and Networks (DSN)"}

@STRING{GLOBECOM = "Proc. GLOBECOM"}

@STRING{HOTMOBILE="Proc. ACM Workshp. Mobile Computing Systems \& Applications (HotMobile)"}
@STRING{HOTNETS = "Proc. ACM HotNets"}
@string{HOTOS = "Proc. Workshp. Hot Topics in Operating Systems (HotOS)"}
@string{HOTPOWER="Proc. Workshp. Power-Aware Computing and Systems (HotPower)"}

%@STRING{ICDCS = "Proc. IEEE International Conference on Distributed Computing Systems (ICDCS)"}
@STRING{ICDCS = "Proc. IEEE ICDCS"}
@STRING{IMC = "Proc. ACM Internet Measurement Conference (IMC)"}
@STRING{INFOCOM = "Proc. IEEE INFOCOM"}
%@STRING{ISCAS="Proc. IEEE International Symposium on Circuits and Systems (ISCAS)"}
@STRING{ISCAS="Proc. IEEE ISCAS"}
@STRING{ISCC="Proc. International Symposium on Computer Communications (ISCC)"}
@STRING{ISLPED="Proc. ACM/IEEE Int. Symp. Low Power Electronics and Design"}
@STRING{ISSPA="Proc. IEEE ISSPA"}
@string{ISWC = "Proc. IEEE Int. Symp. Wearable Computers"}
@STRING{IWQOS="Proc. IEEE International Workshop on Quality of Service (IWQoS)"}

@STRING{MASCOTS="Proc. IEEE Int. Symp. Modeling, Analysis, and Simulation of Computer and Telecommunications Systems(MASCOTS)"}
@STRING{MILCOM = "Proc. MILCOM"}
@string{MOBICOM= "Proc. ACM MobiCom"}
@string{MOBISYS="Proc. USENIX/ACM MobiSys"}
@STRING{MOBIEVAL = "Proc. ACM MobiEval"}
@STRING{MOBIHOC = "Proc. ACM MobiHoc"}
@STRING{MOBILEHCI="Proc. ACM Int. Conf. Human Computer Interaction with Mobile Devices \& Services (MobileHCI)"}
@STRING{MOMUC = "Proc. International Workshop on Mobile Multimedia Communications (MoMuC)"}
@string{MULTIMEDIA = "Proc. Ann. ACM Int. Conf. Multimedia"}
@STRING{NSDI = "Proc. USENIX NSDI"}

@STRING{OSDI = "Proc. USENIX OSDI"}

@STRING{PERCOM="Proc. IEEE Conf. Pervasive Computing \& Communications (PerCom)"}
@STRING{PIMRC = "Proc. IEEE Personal, Indoor, and Mobile Radio Communications Conference (PIMRC)"}

@STRING{RAWCON = "Proc. IEEE RAWCON"}
@STRING{SECON = "Proc. IEEE SECON"}
@STRING{SENSYS = "Proc. ACM SenSys"}
@STRING{SIGMETRICS = "Proc. ACM SIGMETRICS"}
@STRING{SIGCOMM = "Proc. ACM SIGCOMM"}
@string{SP="Proc. IEEE Symp. Security and Privacy (SP)"}

@string{SOSP = "Proc. ACM SOSP"}
@string{ATC = "Proc. USENIX ATC"}

@string{UIST= "Proc. Ann. ACM Symp. User Interface Software \& Technology (UIST)"}
@string{UBICOMP="Proc. Int. Conf. Ubiquitous Computing (UbiComp)"}

@STRING{VTC = "Proc. IEEE Vehicular Technology Conference (VTC)"}

@STRING{WCNC = "Proc. IEEE Wireless Communications and Networking Conference (WCNC)"}
@STRING{WICON = "Proc. International Wireless Internet Conference (WICON)"}
@STRING{WINMEE = "Proc. International workshop on Wireless Network Measurements (WinMee)"}
%@STRING{WISE="Proc. ACM Workshop on Wireless Security (WiSe)"}
@STRING{WISE="Proc. ACM WiSe"}
%@STRING{WISEC="Proc. ACM Wireless Network Security Conference (WiSec)"}
@STRING{WISEC="Proc. ACM WiSec"}

@STRING{ISCA="Proc. ISCA"}
@STRING{IPDPS="Proc. Int. Conf. Parallel and distributed processing (IPDPS)"}
@STRING{PACT="Proc. Int. Conf. Parallel Architectures and Compilation Techniques (PACT)"}
@STRING{WWW="Proc. Int. Conf. World Wide Web (WWW)"}
@STRING{HOTPAR="Proc. USENIX Conf. Hot Topics in Parallelism (HotPar)"}
@STRING{EUROSYS="Proc. The European Conf. Computer Systems (EuroSys)"}
@STRING{SC="Proc. ACM/IEEE Int. Conf. High Performance Computing, Networking, Storage and Analysis (SC)"}
@STRING(ISSCC="Proc. IEEE Int. Solid-State Circuits Conf. (ISSCC)"}
@STRING{VLDB = "Proc. Int. Conf. on Very large data bases (VLDB)"}
@STRING{PLDI = "Proc. ACM PLDI"}
@STRING{MICRO = "Proc. IEEE/ACM Int. Symp. on Microarchitecture (MICRO)"}
@STRING{SC = "Proc. IEEE/ACM SC Conf."}
@STRING{OOPSLA = "Proc. ACM Int. Conf. on Object oriented programming systems languages and applications (OOPSLA)"}
@STRING{IPSN = "Proc. ACM Int. Conf. on Information processing in sensor networks (IPSN)"}
@STRING{POPL = "Proc. ACM SIGPLAN-SIGACT Symp. on Principles of programming languages (POPL)"}

%***********************************
% ABBREVIATIONS FOR JOURNAL PAPERS *
%***********************************

@STRING{JSAC="IEEE Journal on Selected Areas in Communications"}
@STRING{BALTZER="ACM Baltzer Journal of Wireless Networks"}
@STRING{TIT = "IEEE Trans. on Information Theory"}
@STRING{TON="IEEE Trans. on Networking"}
@STRING{TCOMM="IEEE Trans. on Communications"}
@STRING{TWC="IEEE Trans. on Wireless Communications"}
@STRING{TCOMP="IEEE Trans. on Computers"}
@STRING{TMC="IEEE Transactions on Mobile Computing"}

@STRING{SIAMCOMP="SIAM Journal of Computing"}
@STRING{EURASIP="EURASIP Journal on Applied Signal Processing"}
@STRING{TSIG="IEEE Trans. on Signal Processing"}
