@misc{barth2008security,
  title={The security architecture of the Chromium browser},
  author={Barth, A. and Jackson, C. and Reis, C. and Team, TGC},
  year={2008},
  publisher={Technical Report, http://www. adambarth. com/papers/2008/barthjackson-reis.pdf}
}

@inproceedings{grier2008secure,
  title={Secure web browsing with the OP web browser},
  author={Grier, C. and Tang, S. and King, S.T.},
  booktitle=SP,
  year={2008},
}

@inproceedings{reis2009eurosys,
  title={Isolating web programs in modern browser architectures},
  author={Reis, C. and Gribble, S.D.},
  booktitle=EUROSYS,
  year={2009},
}

@article{reis2009queue,
  title={Browser security: lessons from Google Chrome},
  author={Reis, C. and Barth, A. and Pizano, C.},
  journal={Queue},
  volume={7},
  number={5},
  pages={3},
  year={2009},
  publisher={ACM}
}

@article{barth2009securing,
  title={Securing frame communication in browsers},
  author={Barth, A. and Jackson, C. and Mitchell, J.C.},
  journal={Communications of the ACM},
  volume={52},
  number={6},
  pages={83--91},
  year={2009},
  publisher={ACM}
}

@inproceedings{wang2009security,
  title={The multi-principal OS construction of the Gazelle web browser},
  author={Wang, H.J. and Grier, C. and Moshchuk, A. and King, S.T. and Choudhury, P. and Venter, H.},
  booktitle={USENIX Security Symposium},
  pages={417--432},
  year={2009}
}

@inproceedings{barth2010ndss,
  title={Protecting browsers from extension vulnerabilities},
  author={Barth, A. and Felt, A.P. and Saxena, P. and Boodman, A.},
  booktitle={17th Network and Distributed System Security Symposium},
  year={2010}
}


@inproceedings{meyerovich2010conscript,
  title={Conscript: Specifying and enforcing fine-grained security policies for javascript in the browser},
  author={Meyerovich, L.A. and Livshits, B.},
  booktitle=SP,
  pages={481--496},
  year={2010},
}

@inproceedings{tang2010osdi,
  title={Trust and protection in the illinois browser operating system},
  author={Tang, S. and Mai, H. and King, S.T.},
  booktitle=OSDI,
  pages={1--8},
  year={2010},
}