@misc{VGX,
 title = "{VGX}",
 howpublished = "\url{http://www.nvidia.com/object/vgx-hypervisor.html}",
}

@misc{VMDq,
 title = "{VMDq}",
 howpublished = "\url{http://www.intel.com/content/www/us/en/network-adapters/gigabit-network-adapters/io-acceleration-technology-vmdq.html}",
}

@inproceedings{Baratto2004,
  title="{THINC: A Remote Display Architecture for Thin-Client Computing}",
  author={R. A. Baratto and L. Kim and J. Nieh},
  booktitle={Proc. ACM SOSP},
  year={2004}
}

@article{Scheifler1986,
  title="{The X Window System}",
  author={R. W. Scheifler and J. Gettys},
  journal={ACM Transactions on Graphics},
  volume={5},
  number={2},
  year={1986},
}

@misc{citrix,
 title = "{Citrix Metaframe}",
 howpublished = "\url{http://www.citrix.com}",
}

@book{Cumberland99,
  title="{Microsoft Windows NT Server 4.0, Terminal Server Edition: Technical Reference}",
  author={Cumberland, B. C. and Carius, G. and Muir, A.},
  year={1999},
  publisher={Microsoft Press}
}

@article{Richardson98,
  title="{Virtual Network Computing}",
  author={Richardson, T. and Stafford-Fraser, Q. and Wood, K. R. and Hopper, A.},
  journal={IEEE Internet Computing},
  year={1998},
}

@inproceedings{Schmidt99,
  author = {B. K. Schmidt and M. S. Lam and J. D. Northcutt},
  title = "{The Interactive Performance of SLIM: A Stateless, Thin-Client Architecture}",
  booktitle = {Proc. ACM SOSP},
  year = {1999},
}

@inproceedings{Andrus2011,
  title="{Cells: a Virtual Mobile Smartphone Architecture}",
  author={J. Andrus and C. Dall and A. V. Hof and O. Laadan and J. Nieh},
  booktitle={Proc. ACM SOSP},
  year={2011},
}

@misc{WebServicesOnDevices,
 title = "{Web Services on Devices: Devices That Are Controlled on the Network}",
 howpublished = "\url{http://msdn.microsoft.com/en-us/library/windows/desktop/aa826001(v=vs.85).aspx}",
}

@inproceedings{Hari2011,
  title="{The Switch Army Smartphone: Cloud-based Delivery of USB Services}",
  author={A. Hari and M. Jaitly and Y. J. Chang and A. Francini},
  booktitle={Proc. ACM MobiHeld},
  year={2011},
}

@misc{AnywhereUSB,
 title = "{Digi International: AnywhereUSB}",
 howpublished = "\url{http://www.digi.com/products/usb/anywhereusb.jsp}",
}

@misc{USBOverIP,
 title = "{USB Over IP}",
 howpublished = "\url{http://usbip.sourceforge.net/}",
}

@misc{WirelessUSB,
 title = "{Wireless USB}",
 howpublished = "\url{http://www.usb.org/wusb/home/}",
}

@misc{NFS,
 title = "{Network File System}",
 howpublished = "\url{http://etherpad.tools.ietf.org/html/rfc3530}",
}

@inproceedings{Rifkin1986,
  title="{RFS Architectural Overview}",
  author={A. P. Rifkin and M. P. Forbes and R. L. Hamilton and M. Sabrio and S. Shah and K. Yueh},
  booktitle={Proc. USENIX Conference},
  year={1986}
}

@article{Leach1997,
  title="{A Common Internet File System (CIFS/1.0) Protocol}",
  author={P. J. Leach and D. Naik},
  journal={Draft, Network Working Group, IETF},
  year={1997}
}

@inproceedings{Levasseur2004,
  title="{Unmodified Device Driver Reuse and Improved System Dependability via Virtual Machines}",
  author={LeVasseur, J. and Uhlig, V. and Stoess, J. and G{\"o}tz, S.},
  booktitle={Proc. USENIX OSDI},
  year={2004}
}

@inproceedings{Ryzhyk2009,
  title="{Automatic Device Driver Synthesis with Termite}",
  author={Ryzhyk, L. and Chubb, P. and Kuz, I. and Le Sueur, E. and Heiser, G.},
  booktitle={Proc. ACM SOSP},
  year={2009},
}

@inproceedings{Chipounov2010,
  title="{Reverse Engineering of Binary Device Drivers with RevNIC}",
  author={Chipounov, V. and Candea, G.},
  booktitle={Proc. ACM EuroSys},
  year={2010},
}

@misc{NDISwrapper,
 title = "{NDISwrapper}",
 howpublished = "\url{http://ndiswrapper.sourceforge.net}",
}


@inproceedings{Sugerman2001,
  title="{Virtualizing I/O Devices on VMware Workstation's Hosted Virtual Machine Monitor}",
  author={Sugerman, J. and Venkitachalam, G. and Lim, B. H.},
  booktitle={Proc. USENIX ATC},
  year={2001}
}

@article{Uhlig2005,
  title="{Intel Virtualization Technology}",
  author={Uhlig, R. and Neiger, G. and Rodgers, D. and Santoni, A.L. and Martins, F. C. M. and Anderson, A. V. and Bennett, S. M. and Kagi, A. and Leung, F. H. and Smith, L.},
  journal={Computer},
  volume={38},
  number={5},
  pages={48--56},
  year={2005},
  publisher={IEEE}
}

@inproceedings{Barham2003,
  title="{Xen and the Art of Virtualization}",
  author={Barham, P. and Dragovic, B. and Fraser, K. and Hand, S. and Harris, T. and Ho, A. and Neugebauer, R. and Pratt, I. and Warfield, A.},
  booktitle={Proc. ACM SOSP},
  year={2003},
}

@inproceedings{Willmann2008,
  title="{Protection Strategies for Direct Access to Virtualized I/O Devices}",
  author={Willmann, P. and Rixner, S. and Cox, A. L.},
  booktitle={Proc. USENIX ATC},
  year={2008},
}

@inproceedings{Lagar2007,
  title="{VMM-Independent Graphics Acceleration}",
  author={H. A. Lagar-Cavilla and N. Tolia and M. Satyanarayanan and E. De Lara},
  booktitle={Proc. ACM VEE},
  year={2007},
}

@inproceedings{Shi2009,
  title="{vCUDA: GPU Accelerated High Performance Computing in Virtual Machines}",
  author={L. Shi and H. Chen and J. Sun},
  booktitle={IEEE Int. Symp. Parallel \& Distributed Processing},
  year={2009},
}

@inproceedings{Ben-Yehuda2010,
  title="{The Turtles Project: Design and Implementation of Nested Virtualization}",
  author={M. Ben-Yehuda and M. D. Day and Z. Dubitzky and M. Factor and
N. Har'El and A. Gordon and A. Liguori and O. Wasserman and B. A. Yassour},
  booktitle={Proc. USENIX OSDI},
  year={2010}
}

@inproceedings{Gordon2012,
  title="{ELI: Bare-Metal Performance for I/O Virtualization}",
  author={A. Gordon and N. Amit and N. Har'El and M. Ben-Yehuda and A.
Landau and D. Tsafrir and A. Schuster},
  booktitle={Proc. ACM ASPLOS},
  year={2012}
}

@misc{CUDA,
 title = "{NVIDIA CUDA}",
 howpublished = "\url{http://www.nvidia.com/object/cuda_home_new.html}",
}

@inproceedings{Kleiman1988,
  title="{SunOS on SPARC}",
  author={S.R. Kleiman and D. Williams},
  booktitle={Proc. IEEE Computer Society International Conference
(Compcon)},
  year={1988},
}

@misc{VDI,
 title = "{VMware VDI}",
 howpublished = "\url{http://www.vmware.com/pdf/virtual_desktop_infrastructure_wp.pdf}",
}

@inproceedings{Baratto2004_2,
  title="{Mobidesk: Mobile Virtual Desktop Computing}",
  author={R. A. Baratto and S. Potter and G. Su and J. Nieh},
  booktitle={Proc. ACM MobiCom},
  year={2004},
}

@misc{WiDi,
 title = "{Intel WiDi}",
 howpublished = "\url{http://www.intel.com/content/www/us/en/architecture-and-technology/intel-wireless-display.html}",
}

@misc{Cisco_IP_camera,
 title = "{Cisco IP Cameras}",
 howpublished = "\url{http://www.cisco.com/en/US/products/ps7307/index.html}",
}

@misc{Gallium3D,
 title = "{Gallium3D}",
 howpublished = "\url{http://wiki.freedesktop.org/wiki/Software/gallium}",
}

@misc{GalliumCompute,
 title = "{GalliumCompute}",
 howpublished = "\url{http://dri.freedesktop.org/wiki/GalliumCompute/}",
}

@article{Dowty2009,
  title="{GPU Virtualization on VMware's Hosted I/O Architecture}",
  author={M. Dowty and J. Sugerman},
  journal={ACM SIGOPS Operating Systems Review},
  year={2009},
}

@article{Russel2008,
  title="{virtio: Towards a De-Facto Standard for Virtual I/O Devices}",
  author={R. Russel},
  journal={ACM SIGOPS Operating Systems Review},
  year={2008},
}

@inproceedings{Smowton2009,
  title="{Secure 3D Graphics for Virtual Machines}",
  author={C. Smowton},
  booktitle={Proc. ACM European Wrkshp. System Security},
  year={2009},
}

@misc{Parallels,
 title = "{Parallels Desktop for MAC}",
 howpublished = "\url{http://www.parallels.com/products/desktop/features/3d/}",
}

@inproceedings{Hansen2007,
  title="{Blink: Advanced Display Multiplexing for Virtualized Applications}",
  author={J. G. Hansen},
  booktitle={Proc. ACM Network and Operating System Support for Digital Audio and Video (NOSSDAV)},
  year={2007}
}

@misc{Virtualbox,
 title = "{Virtualbox}",
 howpublished = "\url{http://download.virtualbox.org/virtualbox/2.1.0/UserManual.pdf}",
}

@misc{ARMvirt,
 title = "{Hardware Virtualization Support for ARM}",
 howpublished = "\url{http://xen.org/files/xensummit_seoul11/nov2/2_XSAsia11_JGoodacre_HW_accelerated_virtualization_in_the_ARM_Cortex_processors.pdf}",
}

@book{Russinovich2009,
  title="{Windows Internals}",
  author={M. E. Russinovich and D. A. Solomon},
  year={2009},
  publisher={O'Reilly Media, Inc.}
}

@misc{UnixFile,
 title = "{Everything is a file in Unix}",
 howpublished = "\url{http://ph7spot.com/musings/in-unix-everything-is-a-file}",
}

@misc{vbo_va,
 title = "{OpenGL Microbenchmarks: Vertex Buffer Object and Vertex Array}",
 howpublished = "\url{http://www.songho.ca/opengl/gl_vbo.html}",
}

@misc{dl,
 title = "{OpenGL Microbenchmarks: Display List}",
 howpublished = "\url{http://www.songho.ca/opengl/gl_displaylist.html}",
}

@misc{ARM_SMMU,
 title = "{ARM SMMU}",
 howpublished = "\url{http://www.arm.com/files/pdf/System-MMU-Whitepaper-v8.0.pdf}",
}

@misc{touchscreen_latency,
 title = "{Touchscreen Latency}",
 howpublished = "\url{http://www.engadget.com/2012/03/10/microsoft-cuts-touchscreen-lag-to-1ms/ }",
}


@misc{openarena,
 title = "{OpenArena}",
 howpublished = "\url{http://openarena.ws/smfnews.php}",
}

@misc{games,
 title = "{GPU Benchmarking}",
 howpublished = "\url{http://www.phoronix.com/scan.php?page=article&item=virtualbox_4_opengl&num=2}",
}

@inproceedings{Kivity2007,
  title="{kvm: the Linux Virtual Machine Monitor}",
  author={Kivity, A. and Kamay, Y. and Laor, D. and Lublin, U. and Liguori, A.},
  booktitle={Proc. Linux Symposium},
  year={2007}
}

@misc{intel_guide,
 title = "{Intel 64 and IA-32 Architectures Software Developerâ€™s Manual, Volume 3A}",
 howpublished = "\url{http://download.intel.com/products/processor/manual/253668.pdf}",
}

@inproceedings{Dong2008,
  title="{SR-IOV Networking in Xen: Architecture, Design and Implementation}",
  author={Y. Dong and Z. Yu and G. Rose},
  booktitle={Proc. USENIX Workshop on I/O Virtualization (WIOV)},
  year={2008},
}

@misc{vmware_mvp,
 title = "{VMware MVP}",
 howpublished = "\url{http://www.vmware.com/products/mobile/overview.html}",
}

@misc{okl4,
 title = "{OKL4 Microvisor}",
 howpublished = "\url{http://www.ok-labs.com/products/okl4-microvisor/}",
}

@misc{gernot_article,
 title = "{Article by Gernot Heiser}",
 howpublished = "\url{http://www.ok-labs.com/blog/entry/vmware-mvp-how-it-works/}",
}

@misc{Intel_GEM,
 title = "{Intel GEM framework}",
 howpublished = "\url{http://lwn.net/Articles/283793/}",
}

@misc{Guvcview,
 title = "{Guvcview}",
 howpublished = "\url{http://guvcview.sourceforge.net/}",
}

@misc{Phoronix,
 title = "{Phoronix Test Suite}",
 howpublished = "\url{http://www.phoronix-test-suite.com/}",
}

@misc{Tremulous,
 title = "{Tremulous}",
 howpublished = "\url{http://www.tremulous.net/}",
}

@misc{Nexuiz,
 title = "{Nexuiz}",
 howpublished = "\url{http://www.alientrap.org/games/nexuiz}",
}

@misc{openarena_graphics,
 title = "{OpenArena Graphics}",
 howpublished = "\url{http://openarena.wikia.com/wiki/Manual/Graphic_options}",
}

@inproceedings{Belay12,
  title="{Dune: Safe User-level Access to Privileged CPU Features}",
  author={Belay, A. and Bittau, A. and Mashtizadeh, A. and Terei, D. and
Mazieres, D. and Kozyrakis, C.},
  booktitle={Proc. USENIX OSDI},
  year={2012},
}

@inproceedings{Gordon12,
  title = "{Towards Exitless and Efficient Paravirtual I/O}",
  author = {A. Gordon and N. Har'El and A. Landau and M. Ben-Yehuda and A. Traeger},
  booktitle = {Proc. SYSTOR},
  year          = {2012}
}

@inproceedings{Ganapathi2006,
  title="{Windows XP Kernel Crash Analysis}",
  author={Ganapathi, A. and Ganapathi, V. and Patterson, D.},
  booktitle={Proc. USENIX LISA},
  year={2006},
}

@inproceedings{Swift2004,
  title="{Recovering Device Drivers}",
  author={Swift, M. M. and Annamalai, M. and Bershad, B. N. and Levy, H. M.},
  booktitle={Proc. USENIX OSDI},
  year={2004}
}

@inproceedings{Swift2003,
  title="{Improving the Reliability of Commodity Operating Systems}",
  author={Swift, M. M. and Bershad, B. N. and Levy, H. M.},
  booktitle={Proc. ACM SOSP},
  year={2003}
}

@inproceedings{Rizzo2012,
  title="{netmap: a Novel Framework for Fast Packet I/O}",
  author={Rizzo, L.},
  booktitle={Proc. USENIX ATC},
  year={2012},
}

@misc{FaceDetection,
 title = "{OMAP4 Face Detection Module, Chapter 9 of the TRM}",
 howpublished = "\url{http://focus.ti.com/pdfs/wtbu/OMAP4460_ES1.0_PUBLIC_TRM_vF.zip}",
}

@misc{BUG1,
 title = "{Privilege escalation using NVIDIA GPU driver bug}",
 howpublished = "\url{http://www.securelist.com/en/advisories/50085}",
}

@misc{BUG2,
 title = "{Privilege escalation using DRM/Radeon GPU driver bug}",
 howpublished = "\url{https://lkml.org/lkml/2010/1/18/106}",
}

@inproceedings{Chou2001,
  title="{An Empirical Study of Operating Systems Errors}",
  author={Chou, A. and Yang, J. and Chelf, B. and Hallem, S. and Engler, D.},
  booktitle={Proc. ACM SOSP},
  year={2001}
}

@inproceedings{Kato2011,
  title="{TimeGraph: GPU Scheduling for Real-time Multi-tasking Environments}",
  author={Kato, S. and Lakshmanan, K. and Rajkumar, R. R. and Ishikawa, Y.},
  booktitle={Proc. USENIX ATC},
  year={2011}
}

@inproceedings{Harel2013,
  title="{Efficient and Scalable Paravirtual I/O System}",
  author={Harâ€™El, N. and Gordon, A. and Landau, A. and Ben-Yehuda, M. and Traeger, A. and Ladelsky, R.},
  booktitle={Proc. USENIX ATC},
  year={2013},
}

@inproceedings{Tu2013,
  title="{Secure I/O Device Sharing among Virtual Machines on Multiple Hosts}",
  author={Tu, C. and Lee, C. and Chiueh, T.},
  booktitle={Proc. ACM ISCA},
  year={2013},
}

@inproceedings{Willmann2007,
  title="{Concurrent Direct Network Access for Virtual Machine Monitors}",
  author={Willmann, P. and Shafer, J. and Carr, D. and Menon, A. and Rixner, S. and Cox, A. L. and Zwaenepoel, W.},
  booktitle={Proc. IEEE High Performance Computer Architecture (HPCA)},
  year={2007},
}

@inproceedings{Liu2006,
  title="{High Performance VMM-Bypass I/O in Virtual Machines}",
  author={Liu, J. and Huang, W. and Abali, B. and Panda, D. K.},
  booktitle={Proc. USENIX ATC},
  year={2006}
}

@article{Abramson2006,
  title="{Intel Virtualization Technology for Directed I/O}",
  author={Abramson, D.},
  journal={Intel Technology Journal},
  volume={10},
  number={3},
  pages={179--192},
  year={2006}
}

@article{AmiriSani2013,
  title="{Making I/O Virtualization Easy with Device Files}",
  author={Amiri Sani, A. and Nair, S. and Zhong, L. and Jacobson, Q.},
  journal={Technical Report 2013-04-13, Rice University},
  year={2013}
}

@inproceedings{Raj2007,
  title="{High Performance and Scalable I/O Virtualization via Self-Virtualized Devices}",
  author={Raj, H. and Schwan, K.},
  booktitle={Proc. ACM HPDC},
  year={2007},
}

@inproceedings{Tan2007,
  title="{iKernel: Isolating buggy and malicious device drivers using hardware virtualization support}",
  author={Tan, L. and Chan, E. M. and Farivar, R. and Mallick, N. and Carlyle, J. C. and David, F. M. and Campbell, R. H.},
  booktitle={Proc. IEEE Int. Symp. Dependable, Autonomic and Secure Computing (DASC)},
  year={2007},
}

@inproceedings{Menon2012,
  title="{iGPU: Exception Support and Speculative Execution on GPUs}",
  author={Menon, J. and De Kruijf, M. and Sankaralingam, K.},
  booktitle={Proc. IEEE ISCA},
  year={2012},
}

@inproceedings{Nikolaev2013,
 title = "{VirtuOS: An Operating System with Kernel Virtualization}",
 author = {Nikolaev, R. and Back, G.},
 booktitle = {Proc. ACM SOSP},
 year = {2013},
}

@inproceedings{Presotto1991,
  title="{Plan 9, a Distributed System}",
  author={Presotto, D. and Pike, R. and Thompson, K. and Trickey, H.},
  booktitle={Proc. of the Spring 1991 EurOpen Conf.},
  year={1991}
}

@misc{CLOC,
 title = "{CLOC}",
 howpublished = "\url{http://cloc.sourceforge.net/}",
}

@inproceedings{bellard2005,
  title="{QEMU, a Fast and Portable Dynamic Translator}",
  author={Bellard, F.},
  booktitle={USENIX ATC, FREENIX Track},
  year={2005}
}

################## Lin's addition
@inproceedings{laadan10systor,
 title = "{Operating System Virtualization: Practice and Experience}",
 author = {Laadan, O. and Nieh, J.},
 booktitle = {Proc. Annual Haifa Experimental Systems Conference},
 year = {2010},
}

@inproceedings{fraser2004safe,
  title="{Safe Hardware Access with the Xen Virtual Machine Monitor}",
  author={Fraser, K. and Hand, S. and Neugebauer, R. and Pratt, I. and Warfield, A. and Williamson, M.},
  booktitle={Proc. Wrkshp. Operating System and Architectural Support for the On demand IT InfraStructure (OASIS)},
  year={2004}
}

@inproceedings{dall2010ols,
  title="{KVM for ARM}",
  author={Dall, C. and Nieh, J.},
  booktitle={Proc. Linux Symposium},
  year={2010}
}

@inproceedings{heiser2008role,
  title="{The Role of Virtualization in Embedded Systems}",
  author={Heiser, G.},
  booktitle={Proc. ACM Wrkshp. Isolation and Integration in Embedded Systems},
  year={2008},
}

@inproceedings{armand2008shared,
  title="{Shared Device Driver Model for Virtualized Mobile Handsets}",
  author={Armand, F. and Gien, M. and Maign{\'e}, G. and Mardinian, G.},
  booktitle={Proc. ACM Wrkshp. Virtualization in Mobile Computing},
  year={2008},
}

@inproceedings{gudeth2011delivering,
  title="{Delivering Secure Applications on Commercial Mobile Devices: the Case for Bare Metal Hypervisors}",
  author={Gudeth, K. and Pirretti, M. and Hoeper, K. and Buskey, R.},
  booktitle={Proc. ACM Wrkshp. Security and Privacy in Smartphones and Mobile Devices},
  year={2011},
 }
 
 @article{barr2010vmware,
  title="{The VMware Mobile Virtualization Platform: Is That a Hypervisor in Your Pocket?}",
  author={Barr, K. and Bungale, P. and Deasy, S. and Gyuris, V. and Hung, P. and Newell, C. and Tuch, H. and Zoppis, B.},
  journal={ACM SIGOPS Operating Systems Review},
  year={2010},
}

@inproceedings{liu09mobisys,
  title="{xShare: Supporting Impromptu Sharing of Mobile Phones}",
  author={Liu, Y. and Rahmati, A. and Huang, Y. and Jang, H. and Zhong, L. and Zhang, Y. and Zhang, S.},
  booktitle={Proc. ACM Int. Conf. Mobile Systems, Applications, and Services (MobiSys)},
  year={2009},
 }

###################### Kevin

@inproceedings{slicing,
  title="{Program slicing}",
  author={Weiser, M.},
  booktitle={Proc. IEEE Int. Conf. on Software engineering},
}

@misc{clang,
 title = "{Clang: a C Language Family Frontend for LLVM}",
 howpublished = "\url{http://clang.llvm.org/}",
}

@inproceedings{llvm,
  title="{LLVM: A Compilation Framework for Lifelong Program Analysis \& Transformation}",
  author={Lattner, C. and Adve, V.},
  booktitle={Proc. IEEE Int. Conf. on Code Generation and Optimization},
  year={2004},
}

####################### Rio

@misc{MRIOV,
 title = "{Multi-Root I/O Virtualization and Sharing 1.0 Specification,
PCI-SIG}",
 year={2008},
}

@misc{Dropcam,
 title = "{Dropcam}",
 howpublished = "\url{https://www.dropcam.com/}",
}

@inproceedings{AmiriSani2014,
  title="{I/O Paravirtualization at the Device File Boundary}",
  author={Amiri Sani, A. and Boos, K. and Qin, S. and Zhong, L.},
  booktitle={Proc. ACM ASPLOS},
  year={2014},
}

@misc{IP_Webcam,
 title = "{Android IP Webcam Application}",
 howpublished = "\url{https://play.google.com/store/apps/details?id=com.pas.webcam&hl=en}",
}

@misc{Wi-Fi_Speaker,
 title = "{Android Wi-Fi Speaker Application}",
 howpublished = "\url{https://play.google.com/store/apps/details?id=pixelface.android.audio&hl=en}",
}

@misc{MightyText,
 title = "{MightyText Application}",
 howpublished = "\url{http://mightytext.net}",
}

@misc{Chromecast,
 title = "{Chromecast}",
 howpublished = "\url{http://www.google.com/intl/en/chrome/devices/chromecast/}",
}

@misc{Miracast,
 title = "{Miracast}",
 howpublished = "\url{https://www.wi-fi.org/sites/default/files/uploads/wp_Miracast_Industry_20120919.pdf}",
}

@article{ARM_TRM,
  title="{Architecture Reference Manual, ARMv7-A and ARMv7-R edition}",
  author={ARM},
  journal={ARM DDI},
  volume={0406A},
  year={2007}
}

@misc{ION,
 title = "{Android ION Memory Allocator}",
 howpublished = "\url{http://lwn.net/Articles/480055/}",
}

@misc{self_photos,
 title = "{Applications for Taking Self Photos}",
 howpublished = "\url{http://giveawaytuesdays.wonderhowto.com/inspiration/10-iphone-and-android-apps-for-taking-self-portraits-0129658/}",
}

@article{Yuan2007,
  title="{Image Deblurring with Blurred/Noisy Image Pairs}",
  author={Yuan, Lu and Sun, Jian and Quan, Long and Shum, Heung-Yeung},
  booktitle={ACM Transactions on Graphics (TOG)},
  volume={26},
  number={3},
  pages={1},
  year={2007},
}

@article{Wilburn2005,
  title="{High Performance Imaging Using Large Camera Arrays}",
  author={Wilburn, Bennett and Joshi, Neel and Vaish, Vaibhav and Talvala, Eino-Ville and Antunez, Emilio and Barth, Adam and Adams, Andrew and Horowitz, Mark and Levoy, Marc},
  booktitle={ACM Transactions on Graphics (TOG)},
  volume={24},
  number={3},
  pages={765--776},
  year={2005},
}

@article{Park2003,
  title="{Super-Resolution Image Reconstruction: a Technical Overview}",
  author={Park, Sung Cheol and Park, Min Kyu and Kang, Moon Gi},
  journal={IEEE Signal Processing Magazine},
  volume={20},
  number={3},
  pages={21--36},
  year={2003},
}

RASKAR, R., TUMBLIN, J., MOHAN, A., AGRAWAL, A., AND
LI, Y. 2006. Computational photography. In Proc. Eurographics
STAR.
i

@inproceedings{Raskar2006,
  title="{Computational Photography}",
  author={Raskar, R. and Tumblin, J. and Mohan, A. and Agrawal, A. and Li, Y.},
  booktitle={Proc. STAR Eurographics},
  year={2006},
}

@inproceedings{Das2010,
 author = "T. Das and P. Mohan and V. Padmanabhan and R. Ramjee and A. Sharma",
 title = "{PRISM}: Platform for Remote Sensing Using Smartphones",
 booktitle = {Proc. ACM MobiSys},
 year = "2010"
}

@inproceedings{cisco_white_paper,
 title = "{802.11ac: The Fifth Generation of Wi-Fi}",
 booktitle = "Cisco White Paper",
 year = "2012"
}

@inproceedings{agilent_white_paper,
 title = "{Wireless LAN at 60 GHz - IEEE 802.11ad Explained}",
 booktitle = "Agilent White Paper",
}

@inproceedings{Carter91,
 author = {Carter, John B. and Bennett, John K. and Zwaenepoel, Willy},
 title = "{Implementation and Performance of Munin}",
 booktitle = {Proc. ACM SOSP},
 year={1991}
}

@misc{SIM_lock,
 howpublished = "\url{http://www.theverge.com/2011/06/09/google-voice-skype-imessage-and-the-death-of-the-phone-number/}",
}

@misc{Call_Recorder,
 title = "{Android Automatic Call Recorder application}",
 howpublished = "\url{https://play.google.com/store/apps/details?id=com.appstar.callrecorder}",
}

@misc{Phone_Music,
 title = "{Android Phone Music application}",
 howpublished = "\url{https://play.google.com/store/apps/details?id=org.jefferyemanuel.phonemusic&hl=en}",
}


@misc{ksocket,
 title = "{Linux ksocket}",
 howpublished = "\url{http://ksocket.sourceforge.net/}",
}

@article{OMAP_TRM,
  title="{Architecture Reference Manual, OMAP4430 Multimedia Device Silicon Revision 2.x}",
  author={Texas Instruments},
  volume={SWPU231N},
  year={2010}
}

@inproceedings{Woodings2006,
  title="{WirelessUSB: a Low Power, Low Latency and Interference Immune Wireless Standard}",
  author={Woodings, Ryan and Pandey, Manoj},
  booktitle={Proc. IEEE Wireless Communications and Networking Conference (WCNC)},
  year={2006},
}

%%%% DISTRIBUTED SHARED MEMORY %%%%

%DSM Survey
@article{nitzberg91, 
author={Nitzberg, B. and Lo, V.}, 
journal={IEEE Computer}, 
title="{Distributed Shared Memory: a Survey of Issues and Algorithms}", 
year={1991}, 
}

% IVY   (first software DSM)
@inproceedings{li88,
  title="{Ivy: A Shared Virtual Memory System for Parallel Computing}",
  author={Li, Kai},
  booktitle={Proc. Int. Conf. Parallel Processing},
  year={1988}
}
% FIXME: publisher?

% Dash   (first hardware DSM)
@inproceedings{lenoski90,
  title="{The Directory-Based Cache Coherence Protocol for the DASH Multiprocessor}",
  author={Lenoski, Daniel and Laudon, James and Gharachorloo, Kourosh and Gupta, Anoop and Hennessy, John},
  booktitle={Proc. ACM ISCA},
  year={1990},
}

% Memnet   (another hardware DSM)
@PhDThesis{delp88,
  title="{The Architecture and Implementation of MEMNET: a High-Speed Shared-Memory Computer Communication Network}",
  author={Delp, Gary Scott},
  year={1988},
  school={University of Delaware}
}

% Mermaid DSM 
@article{zhou92,
  title="{Heterogeneous Distributed Shared Memory}",
  author={Zhou, Songnian and Stumm, Michael and Li, Kai and Wortman, David},
  journal={IEEE Transactions on Parallel and Distributed Systems},
  year={1992},
}

% Munin DSM
@article{carter95,
  title="{Design of the Munin Distributed Shared Memory System}",
  author={Carter, John B. and others},
  journal={Journal of Parallel and Distributed Computing},
  year={1995},
  publisher={Elsevier}
}
  %publisher={Citeseer}?

% Mirage DSM
@inproceedings{fleisch89,
  title="{Mirage: A Coherent Distributed Shared Memory Design}",
  author={Fleisch, Brett and Popek, Gerald},
  booktitle={Proc. ACM SOSP},
  year={1989},
}

% Midway DSM
@inproceedings{bershad93,
  title="{The Midway Distributed Shared Memory System}",
  author={Bershad, Brian N and Zekauskas, Matthew J and Sawdon, Wayne A},
  booktitle={Proc. IEEE Compcon Spring, Digest of Papers},
  year={1993},
}

% Treadmarks DSM
@article{amza96,
  title="{Treadmarks: Shared Memory Computing on Networks of Workstations}",
  author={Amza, Cristiana and Cox, Alan L. and Dwarkadas, Sandhya and Keleher, Pete and Lu, Honghui and Rajamony, Ramakrishnan and Yu, Weimin and Zwaenepoel, Willy},
  journal={IEEE Computer},
  year={1996},
}

% Blizzard (hybrid software-hardware DSM)
@inproceedings{schoinas94,
  title="{Fine-Grain Access Control for Distributed Shared Memory}",
  author={Schoinas, Ioannis and Falsafi, Babak and Lebeck, Alvin R and Reinhardt, Steven K and Larus, James R and Wood, David A},
  booktitle={Proc. ACM ASPLOS},
  year={1994},
}

%%% Offloading
@article{flinn2012cyber,
  title="{Cyber Foraging: Bridging Mobile and Cloud Computing}",
  author={Flinn, Jason},
  journal={Synthesis Lectures on Mobile and Pervasive Computing},
  year={2012},
  publisher={Morgan \& Claypool Publishers}
}

@inproceedings{balan2007mobisys,
  title="{Simplifying Cyber Foraging for Mobile Devices}",
  author={Balan, Rajesh Krishna and Gergle, Darren and Satyanarayanan, Mahadev and Herbsleb, James},
  booktitle={Proc. ACM MobiSys},
  year={2007},
 }
 
 @inproceedings{cuervo2010maui,
  title="{MAUI: Making Smartphones Last Longer with Code Offload}",
  author={Cuervo, Eduardo and Balasubramanian, Aruna and Cho, Dae-ki and Wolman, Alec and Saroiu, Stefan and Chandra, Ranveer and Bahl, Paramvir},
  booktitle={Proc. ACM MobiSys},
  year={2010},
}

@inproceedings{gordon2012comet,
  title="{Comet: Code Offload by Migrating Execution Transparently}",
  author={Gordon, Mark S and Jamshidi, D Anoushe and Mahlke, Scott and Mao, Z Morley and Chen, Xu},
  booktitle={Proc. USENIX OSDI},
  year={2012}
}

@inproceedings{barr2003energy,
  title="{Energy-Aware Lossless Data Compression}",
  author={Barr, Kenneth C and Asanovi{\'c}, Krste},
  booktitle={Proc. ACM MobiSys},
  year={2003},
}

% added for the proposal

%%%% virtualization in data centers %%%%
@inproceedings{Rimal2009,
  title="{A Taxonomy and Survey of Cloud Computing Systems}",
  author={Rimal, B. P. and Choi, E. and Lumb, I.},
  booktitle={Proc. IEEE International Joint Conference on INC, IMS and IDC},
  year={2009},
}

@inproceedings{Zhang2011,
  title="{Cloudvisor: Retrofitting Protection of Virtual Machines in Multi-tenant Cloud with Nested Virtualization}",
  author={Zhang, F. and Chen, J. and Chen, H. and Zang, B.},
  booktitle={Proc. ACM SOSP},
  year={2011},
}

%%%% GPU for cryptography%%%
@incollection{Gilger2012,
  title="{GPU-Acceleration of Block Ciphers in the OpenSSL Cryptographic Library}",
  author={Gilger, Johannes and Barnickel, Johannes and Meyer, Ulrike},
  booktitle={Information Security},
  year={2012},
  publisher={Springer Berlin Heidelberg},
}

@inproceedings{Agosta2009,
  title="{Fast Disk Encryption through GPGPU Acceleration}",
  author={Agosta, Giovanni and Barenghi, Alessandro and De Santis, Fabrizio and Di Biagio, Andrea and Pelosi, Gerardo},
  booktitle={Proc. IEEE International Conference on Parallel and Distributed Computing, Applications and Technologies},
  year={2009},
}

@inproceedings{Liu2009,
  title="{A Program Behavior Study of Block Cryptography Algorithms on GPGPU}",
  author={Liu, Gu and An, Hong and Han, Wenting and Xu, Guang and Yao, Ping and Xu, Mu and Hao, Xiurui and Wang, Yaobin},
  booktitle={Proc. IEEE International Conference on Frontier of Computer Science and Technology (FCST)},
  year={2009},
}

%%%%GPU for scientific computing%%%%
@inproceedings{Govindaraju2008,
  title="{High Performance Discrete Fourier Transforms on Graphics Processors}",
  author={Govindaraju, Naga K and Lloyd, Brandon and Dotsenko, Yuri and Smith, Burton and Manferdelli, John},
  booktitle={Proc. ACM/IEEE Conference on Supercomputing (SC)},
  year={2008},
}

@inproceedings{Phillips2008,
  title="{Adapting a Message-Driven Parallel Application to GPU-Accelerated Clusters}",
  author={Phillips, James C and Stone, John E and Schulten, Klaus},
  booktitle={Proc. IEEE/ACM International Conference on High Performance Computing, Networking, Storage and Analysis (SC)},
  year={2008},
}

@article{Stone2007,
  title="{Accelerating Molecular Modeling Applications with Graphics Processors}",
  author={Stone, John E and Phillips, James C and Freddolino, Peter L and Hardy, David J and Trabuco, Leonardo G and Schulten, Klaus},
  journal={Journal of Computational Chemistry},
  year={2007},
  publisher={Wiley Online Library}
}

@inproceedings{Rodrigues2008,
  title="{GPU Acceleration of Cutoff Pair Potentials for Molecular Modeling Applications}",
  author={Rodrigues, Christopher I and Hardy, David J and Stone, John E and Schulten, Klaus and Hwu, Wen-Mei W},
  booktitle={Proc. ACM International Conference on Computing Frontiers (ICCF)},
  year={2008},
}

@article{Stone2010,
  title="{GPU-Accelerated Molecular Modeling Coming of Age}",
  author={Stone, John E and Hardy, David J and Ufimtsev, Ivan S and Schulten, Klaus},
  journal={Journal of Molecular Graphics and Modelling},
  year={2010},
  publisher={Elsevier}
}

@inproceedings{Silberstein2008,
  title="{Efficient Computation of Sum-Products on GPUs Through Software-Managed Cache}",
  author={Silberstein, Mark and Schuster, Assaf and Geiger, Dan and Patney, Anjul and Owens, John D},
  booktitle={Proc. ACM International Conference on Supercomputing (ICS)},
  year={2008},
}

@article{Stone2008,
  title="{Accelerating Advanced MRI Reconstructions on GPUs}",
  author={Stone, Sam S and Haldar, Justin P and Tsao, Stephanie C and Hwu, Wen-mei and Sutton, Bradley P and Liang, Z-P and others},
  journal={Journal of Parallel and Distributed Computing},
  year={2008},
  publisher={Elsevier}
}

%%%%visualization%%%%
@inproceedings{Rossler2006,
  title="{GPU-based Multi-Volume Rendering for the Visualization of Functional Brain Images}",
  author={R{\"o}{\ss}ler, Friedemann and Tejada, Eduardo and Fangmeier, Thomas and Ertl, Thomas and Knauff, Markus},
  booktitle={Proc. SimVis},
  year={2006},
  publisher={Publishing House}
}

@article{Lamberti2007,
  title="{A Streaming-based Solution for Remote Visualization of 3D Graphics on Mobile Devices}",
  author={Lamberti, Fabrizio and Sanna, Andrea},
  journal={IEEE Transaction on Visualization and Computer Graphics},
  year={2007},
}

%%%streaming applications%%%%
@inproceedings{Hagiescu2011,
  title="{Automated Architecture-Aware Mapping of Streaming Applications onto GPUs}",
  author={Hagiescu, Andrei and Huynh, Huynh Phung and Wong, Weng-Fai and Goh, Rick Siow Mong},
  booktitle={Proc. IEEE Parallel \& Distributed Processing Symposium (IPDPS)},
  year={2011},
}

%%%Video processing%%%%
@inproceedings{Sinha2006,
  title="{GPU-based Video Feature Tracking and Matching}",
  author={Sinha, Sudipta N and Frahm, Jan-Michael and Pollefeys, Marc and Genc, Yakup},
  booktitle={Workshop on Edge Computing Using New Commodity Architectures (EDGE)},
  year={2006}
}

%%%Amazon%%%%
@misc{amazon_gpu,
 title = "{Amazon GPU Instance}",
 howpublished = "\url{http://aws.amazon.com/about-aws/whats-new/2013/11/04/announcing-new-amazon-ec2-gpu-instance-type/}",
}

%%%%%%%%%%%%%%

@article{Greenberg2008,
  title="{The Cost of a Cloud: Research Problems in Data Center Networks}",
  author={Greenberg, Albert and Hamilton, James and Maltz, David A and Patel, Parveen},
  journal={ACM SIGCOMM Computer Communication Review},
  year={2008},
}

%%%DSP%%%%
@inproceedings{Igual2012,
  title="{Unleashing the High-Performance and Low-Power of Multi-Core DSPs for General-Purpose HPC}",
  author={Igual, Francisco D and Ali, Murtaza and Friedmann, Arnon and Stotzer, Eric and Wentz, Timothy and van de Geijn, Robert A},
  booktitle={Proc. IEEE/ACM International Conference on High Performance Computing, Networking, Storage and Analysis (SC)},
  year={2012},
}

%%%FPGA%%%%

@article{Xu2009,
  title="{FPGA Acceleration of Rankboost in Web Search Engines}",
  author={Xu, Ning-Yi and Cai, Xiong-Fei and Gao, Rui and Zhang, Lei and Hsu, Feng-Hsiung},
  journal={ACM Transactions on Reconfigurable Technology and Systems (TRETS)},
  year={2009},
}

@inproceedings{Shan2010,
  title="{FPMR: MapReduce Framework on FPGA}",
  author={Shan, Yi and Wang, Bo and Yan, Jing and Wang, Yu and Xu, Ningyi and Yang, Huazhong},
  booktitle={Proc. ACM/SIGDA International Symposium on Field-Programmable Gate Arrays},
  year={2010},
}


%%% GPU scheduling %%%

@inproceedings{Menychtas2013,
  title="{Enabling OS Research by Inferring Interactions in the Black-Box GPU Stack}",
  author={Menychtas, Konstantinos and Shen, Kai and Scott, Michael L},
  booktitle={Proc. USENIX ATC},
  year={2013}
}

%%% benchmarks %%%%
@misc{phoronix_tests,
 title = "{Phoronix Tests}",
 howpublished = "\url{http://openbenchmarking.org/tests/pts}",
}

@inproceedings{Kindratenko2009,
  title="{GPU Clusters for High-Performance Computing}",
  author={Kindratenko, Volodymyr V and Enos, Jeremy J and Shi, Guochun and Showerman, Michael T and Arnold, Galen W and Stone, John E and Phillips, James C and Hwu, Wen-mei},
  booktitle={Proc. IEEE International Conference on Cluster Computing and Workshops (CLUSTER)},
  year={2009},
}

@inproceedings{Dobrescu2009,
  title={RouteBricks: Exploiting Parallelism to Scale Software Routers},
  author={Dobrescu, Mihai and Egi, Norbert and Argyraki, Katerina and Chun, Byung-Gon and Fall, Kevin and Iannaccone, Gianluca and Knies, Allan and Manesh, Maziar and Ratnasamy, Sylvia},
  booktitle={Proc. ACM SOSP},
  year={2009}
}

@misc{AMD_opensource,
 title = "{AMD Open Source Tools}",
 howpublished = "\url{http://developer.amd.com/tools-and-sdks/open-source/}",
}

%%%% iOS support added by Lin Zhong

@misc{IOKit,
  author="{Apple Inc.}",
  title = "{Introduction to I/O Kit Fundamentals}",
  howpublished = "\url{https://developer.apple.com/library/mac/documentation/devicedrivers/conceptual/IOKitFundamentals/Introduction/Introduction.html}",
}

@misc{XNU,
  author="{Apple Inc.}",
  title = "{XNU Source Code}",
  howpublished = "\url{http://www.opensource.apple.com/source/xnu/xnu-1456.1.26/}",
}

@inproceedings{andrus2014asplos,
  author="Jeremy Andrus and Alexander {VanÕt Hof} and Naser {AlDuaij} and Christoffer Dall and Nicolas Viennot and Jason Nieh",
  title="{Cider: Native Execution of iOS Apps on Android}",
  year={2014},
  booktitle={Proc. ACM ASPLOS},
}

@article{nightingale2006speculative,
  title="{Speculative Execution in a Distributed File System}",
  author={Nightingale, Edmund B and Chen, Peter M and Flinn, Jason},
  journal={ACM Transactions on Computer Systems (TOCS)},
  year={2006},
}

@article{nightingale2008rethink,
  title="{Rethink the Sync}",
  author={Nightingale, Edmund B and Veeraraghavan, Kaushik and Chen, Peter M and Flinn, Jason},
  journal={ACM Transactions on Computer Systems (TOCS)},
  year={2008},
}

@article{ganapathy2008design,
  title={The design and implementation of microdrivers},
  author={Ganapathy, Vinod and Renzelmann, Matthew J and Balakrishnan, Arini and Swift, Michael M and Jha, Somesh},
  journal={ACM SigPLAN Notices},
  volume={43},
  number={3},
  pages={168--178},
  year={2008},
}

### New for the CPS proposal ###
@inproceedings{Checkoway2013,
  title="{Iago Attacks: Why the System Call API is a Bad Untrusted RPC Interface}",
  author={Checkoway, S. and Shacham, H.},
  booktitle={Proc. ACM ASPLOS},
  year={2013},
}
#author={Checkoway, Stephen and Shacham, Hovav},

@article{Zhou2014,
  title="{Dancing with Giants: Wimpy Kernels for On-demand Isolated
I/O}",
  author={Zhou, Z. and Yu, M. and Gligor, V. D.},
  booktitle={Proc. IEEE Symposium on Security and Privacy},
  year={2014}
}
#author={Zhou, Zongwei and Yu, Miao and Gligor, Virgil D},

@inproceedings{Zhou2012,
  title="{Building Verifiable Trusted Path on Commodity x86 Computers}",
  author={Zhou, Z. and Gligor, V. D. and Newsome, J. and McCune, J. M.},
  booktitle={Proc. IEEE Symposium on Security and Privacy},
  year={2012},
}
#author={Zhou, Zongwei and Gligor, Virgil D and Newsome, James and McCune, Jonathan M},

@inproceedings{Varanasi2011,
  title="{Hardware-Supported Virtualization on ARM}",
  author={Varanasi, P. and Heiser, G.},
  booktitle={Proc. ACM Asia-Pacific Workshop on Systems (APSys)},
  year={2011},
}
#author={Varanasi, Prashant and Heiser, Gernot},

@inproceedings{Dall2014,
  title="{KVM/ARM: the Design and Implementation of the Linux ARM Hypervisor}",
  author={Dall, C. and Nieh, J.},
  booktitle={Proc. ACM ASPLOS},
  year={2014},
}
#author={Dall, Christoffer and Nieh, Jason},

@misc{Xen_ARM,
  title = "{Xen on ARM}",
  howpublished = "\url{http://www.xenproject.org/developers/teams/arm-hypervisor.html}",
}

@article{Cortex_A15_TRM,
  title="{ARM Cortex-A15 Technical Reference Manual}",
  author={ARM Ltd},
  journal={ARM DDI},
  volume={0438C},
  year={2011}
}
#month={September}

@article{Atom_S1200_TRM,
  title="{Intel Atom Processor S1200 Product Family for Microserver}",
  author={Intel Corporation},
  volume={Document Number 328194-001},
  year={2012}
}
#month={December}
