@inproceedings{lin2012asplos-raw,
 author = {Lin, Felix Xiaozhu and Wang, Zhen and LiKamWa, Robert and Zhong, Lin},
 title = {Reflex: using low-power processors in smartphones without knowing them},
 booktitle = {Proceedings of the eighteenth international conference on Architectural support for programming languages and operating systems},
 year = {2012},
 isbn = {978-1-4503-0759-8},
 location = {London, England, UK},
 pages = {13--24},
 numpages = {12},
 url = {http://doi.acm.org/10.1145/2150976.2150979},
 doi = {10.1145/2150976.2150979},
 acmid = {2150979},
 publisher = {ACM},
 address = {New York, NY, USA},
 keywords = {distributed shared memory, energy-efficiency, heterogeneous systems, mobile systems},
} 

@inproceedings{lin2012asplos,
 author = {Lin, Felix Xiaozhu and Wang, Zhen and LiKamWa, Robert and Zhong, Lin},
 title = {Reflex: using low-power processors in smartphones without knowing them},
 booktitle = ASPLOS,
 year = {2012},
 isbn = {978-1-4503-0759-8},
 location = {London, England, UK},
 pages = {13--24},
 numpages = {12},
 url = {http://doi.acm.org/10.1145/2150976.2150979},
 doi = {10.1145/2150976.2150979},
 acmid = {2150979},
 publisher = {ACM},
 address = {New York, NY, USA},
 keywords = {distributed shared memory, energy-efficiency, heterogeneous systems, mobile systems},
} 
